@article{DBLP:journals/prl/Bunke97,
  author    = {Horst Bunke},
  title     = {On a relation between graph edit distance and maximum common subgraph},
  journal   = {Pattern Recognition Letters},
  volume    = {18},
  number    = {8},
  pages     = {689--694},
  year      = {1997},
  url       = {https://doi.org/10.1016/S0167-8655(97)00060-3},
  doi       = {10.1016/S0167-8655(97)00060-3},
  timestamp = {Sun, 28 May 2017 13:19:12 +0200},
  biburl    = {http://dblp.uni-trier.de/rec/bib/journals/prl/Bunke97},
  bibsource = {dblp computer science bibliography, http://dblp.org}
}


@article{DBLP:journals/prl/FernandezV01,
  author    = {Mirtha{-}Lina Fern{\'{a}}ndez and
               Gabriel Valiente},
  title     = {A graph distance metric combining maximum common subgraph and minimum
               common supergraph},
  journal   = {Pattern Recognition Letters},
  volume    = {22},
  number    = {6/7},
  pages     = {753--758},
  year      = {2001},
  timestamp = {Thu, 03 Jan 2002 12:26:12 +0100},
  biburl    = {http://dblp.uni-trier.de/rec/bib/journals/prl/FernandezV01},
  bibsource = {dblp computer science bibliography, http://dblp.org}
}



@article{DBLP:journals/jcamd/RaymondW02a,
  author    = {John W. Raymond and
               Peter Willett},
  title     = {Maximum common subgraph isomorphism algorithms for the matching of
               chemical structures},
  journal   = {Journal of Computer-Aided Molecular Design},
  volume    = {16},
  number    = {7},
  pages     = {521--533},
  year      = {2002},
  url       = {https://doi.org/10.1023/A:1021271615909},
  doi       = {10.1023/A:1021271615909},
  timestamp = {Thu, 18 May 2017 09:54:02 +0200},
  biburl    = {http://dblp.uni-trier.de/rec/bib/journals/jcamd/RaymondW02a},
  bibsource = {dblp computer science bibliography, http://dblp.org}
}


@article{DBLP:journals/dam/GayFMSS14,
  author    = {Steven Gay and
               Fran{\c{c}}ois Fages and
               Thierry Martinez and
               Sylvain Soliman and
               Christine Solnon},
  title     = {On the subgraph epimorphism problem},
  journal   = {Discrete Applied Mathematics},
  volume    = {162},
  pages     = {214--228},
  year      = {2014},
  url       = {https://doi.org/10.1016/j.dam.2013.08.008},
  doi       = {10.1016/j.dam.2013.08.008},
  timestamp = {Mon, 05 Jun 2017 20:48:57 +0200},
  biburl    = {http://dblp.uni-trier.de/rec/bib/journals/dam/GayFMSS14},
  bibsource = {dblp computer science bibliography, http://dblp.org}
}


@article{DBLP:journals/jair/CookH94,
  author    = {Diane J. Cook and
               Lawrence B. Holder},
  title     = {Substructure Discovery Using Minimum Description Length and Background
               Knowledge},
  journal   = {J. Artif. Intell. Res.},
  volume    = {1},
  pages     = {231--255},
  year      = {1994},
  url       = {https://doi.org/10.1613/jair.43},
  doi       = {10.1613/jair.43},
  timestamp = {Wed, 21 Jun 2017 14:58:55 +0200},
  biburl    = {http://dblp.uni-trier.de/rec/bib/journals/jair/CookH94},
  bibsource = {dblp computer science bibliography, http://dblp.org}
}


@inproceedings{DBLP:conf/gbrpr/CombierDS13,
  author    = {Camille Combier and
               Guillaume Damiand and
               Christine Solnon},
  title     = {Map Edit Distance vs. Graph Edit Distance for Matching Images},
  booktitle = {Graph-Based Representations in Pattern Recognition - 9th {IAPR-TC-15}
               International Workshop, GbRPR 2013, Vienna, Austria, May 15-17, 2013.
               Proceedings},
  pages     = {152--161},
  year      = {2013},
  crossref  = {DBLP:conf/gbrpr/2013},
  url       = {https://doi.org/10.1007/978-3-642-38221-5_16},
  doi       = {10.1007/978-3-642-38221-5_16},
  timestamp = {Sun, 21 May 2017 00:18:55 +0200},
  biburl    = {http://dblp.uni-trier.de/rec/bib/conf/gbrpr/CombierDS13},
  bibsource = {dblp computer science bibliography, http://dblp.org}
}

@proceedings{DBLP:conf/gbrpr/2013,
  editor    = {Walter G. Kropatsch and
               Nicole M. Artner and
               Yll Haxhimusa and
               Xiaoyi Jiang},
  title     = {Graph-Based Representations in Pattern Recognition - 9th {IAPR-TC-15}
               International Workshop, GbRPR 2013, Vienna, Austria, May 15-17, 2013.
               Proceedings},
  series    = {Lecture Notes in Computer Science},
  volume    = {7877},
  publisher = {Springer},
  year      = {2013},
  url       = {https://doi.org/10.1007/978-3-642-38221-5},
  doi       = {10.1007/978-3-642-38221-5},
  isbn      = {978-3-642-38220-8},
  timestamp = {Sun, 21 May 2017 00:18:55 +0200},
  biburl    = {http://dblp.uni-trier.de/rec/bib/conf/gbrpr/2013},
  bibsource = {dblp computer science bibliography, http://dblp.org}
}


@article{DBLP:journals/tkde/DjokoCH97,
  author    = {Surnjani Djoko and
               Diane J. Cook and
               Lawrence B. Holder},
  title     = {An Emprirical Study of Domain Knowledge and Its Benefits to Substructure
               Discovery},
  journal   = {{IEEE} Trans. Knowl. Data Eng.},
  volume    = {9},
  number    = {4},
  pages     = {575--586},
  year      = {1997},
  url       = {https://doi.org/10.1109/69.617051},
  doi       = {10.1109/69.617051},
  timestamp = {Sat, 20 May 2017 00:24:23 +0200},
  biburl    = {http://dblp.uni-trier.de/rec/bib/journals/tkde/DjokoCH97},
  bibsource = {dblp computer science bibliography, http://dblp.org}
}


@inproceedings{DBLP:conf/icics/GaoRS08,
  author    = {Debin Gao and
               Michael K. Reiter and
               Dawn Xiaodong Song},
  title     = {BinHunt: Automatically Finding Semantic Differences in Binary Programs},
  booktitle = {Information and Communications Security, 10th International Conference,
               {ICICS} 2008, Birmingham, UK, October 20-22, 2008, Proceedings},
  pages     = {238--255},
  year      = {2008},
  crossref  = {DBLP:conf/icics/2008},
  url       = {https://doi.org/10.1007/978-3-540-88625-9_16},
  doi       = {10.1007/978-3-540-88625-9_16},
  timestamp = {Tue, 13 Jun 2017 10:37:56 +0200},
  biburl    = {http://dblp.uni-trier.de/rec/bib/conf/icics/GaoRS08},
  bibsource = {dblp computer science bibliography, http://dblp.org}
}

@proceedings{DBLP:conf/icics/2008,
  editor    = {Liqun Chen and
               Mark Dermot Ryan and
               Guilin Wang},
  title     = {Information and Communications Security, 10th International Conference,
               {ICICS} 2008, Birmingham, UK, October 20-22, 2008, Proceedings},
  series    = {Lecture Notes in Computer Science},
  volume    = {5308},
  publisher = {Springer},
  year      = {2008},
  url       = {https://doi.org/10.1007/978-3-540-88625-9},
  doi       = {10.1007/978-3-540-88625-9},
  isbn      = {978-3-540-88624-2},
  timestamp = {Tue, 13 Jun 2017 10:37:56 +0200},
  biburl    = {http://dblp.uni-trier.de/rec/bib/conf/icics/2008},
  bibsource = {dblp computer science bibliography, http://dblp.org}
}


@article{DBLP:journals/compsec/ParkRS13,
  author    = {Young Hee Park and
               Douglas S. Reeves and
               Mark Stamp},
  title     = {Deriving common malware behavior through graph clustering},
  journal   = {Computers {\&} Security},
  volume    = {39},
  pages     = {419--430},
  year      = {2013},
  url       = {https://doi.org/10.1016/j.cose.2013.09.006},
  doi       = {10.1016/j.cose.2013.09.006},
  timestamp = {Sat, 20 May 2017 00:23:58 +0200},
  biburl    = {http://dblp.uni-trier.de/rec/bib/journals/compsec/ParkRS13},
  bibsource = {dblp computer science bibliography, http://dblp.org}
}


@article{DBLP:journals/tkde/FangYZZ15,
  author    = {Meng Fang and
               Jie Yin and
               Xingquan Zhu and
               Chengqi Zhang},
  title     = {TrGraph: Cross-Network Transfer Learning via Common Signature Subgraphs},
  journal   = {{IEEE} Trans. Knowl. Data Eng.},
  volume    = {27},
  number    = {9},
  pages     = {2536--2549},
  year      = {2015},
  url       = {https://doi.org/10.1109/TKDE.2015.2413789},
  doi       = {10.1109/TKDE.2015.2413789},
  timestamp = {Thu, 08 Jun 2017 09:04:16 +0200},
  biburl    = {http://dblp.uni-trier.de/rec/bib/journals/tkde/FangYZZ15},
  bibsource = {dblp computer science bibliography, http://dblp.org}
}


@article{DBLP:journals/jcss/VasilyevaTBL16,
  author    = {Elena Vasilyeva and
               Maik Thiele and
               Christof Bornh{\"{o}}vd and
               Wolfgang Lehner},
  title     = {Answering "Why Empty?" and "Why So Many?" queries in graph databases},
  journal   = {J. Comput. Syst. Sci.},
  volume    = {82},
  number    = {1},
  pages     = {3--22},
  year      = {2016},
  url       = {https://doi.org/10.1016/j.jcss.2015.06.007},
  doi       = {10.1016/j.jcss.2015.06.007},
  timestamp = {Sat, 20 May 2017 00:25:55 +0200},
  biburl    = {http://dblp.uni-trier.de/rec/bib/journals/jcss/VasilyevaTBL16},
  bibsource = {dblp computer science bibliography, http://dblp.org}
}


@article{DBLP:journals/pr/LuRS91,
  author    = {Si Wei Lu and
               Ying Ren and
               Ching Y. Suen},
  title     = {Hierarchical attributed graph representation and recognition of handwritten
               chinese characters},
  journal   = {Pattern Recognition},
  volume    = {24},
  number    = {7},
  pages     = {617--632},
  year      = {1991},
  url       = {https://doi.org/10.1016/0031-3203(91)90029-5},
  doi       = {10.1016/0031-3203(91)90029-5},
  timestamp = {Thu, 18 May 2017 09:54:31 +0200},
  biburl    = {http://dblp.uni-trier.de/rec/bib/journals/pr/LuRS91},
  bibsource = {dblp computer science bibliography, http://dblp.org}
}


@inproceedings{DBLP:conf/pods/ShashaWG02,
  author    = {Dennis E. Shasha and
               Jason Tsong{-}Li Wang and
               Rosalba Giugno},
  title     = {Algorithmics and Applications of Tree and Graph Searching},
  booktitle = {Proceedings of the Twenty-first {ACM} {SIGACT-SIGMOD-SIGART} Symposium
               on Principles of Database Systems, June 3-5, Madison, Wisconsin, {USA}},
  pages     = {39--52},
  year      = {2002},
  crossref  = {DBLP:conf/pods/2002},
  url       = {http://doi.acm.org/10.1145/543613.543620},
  doi       = {10.1145/543613.543620},
  timestamp = {Thu, 15 Jun 2017 21:37:44 +0200},
  biburl    = {http://dblp.uni-trier.de/rec/bib/conf/pods/ShashaWG02},
  bibsource = {dblp computer science bibliography, http://dblp.org}
}

@proceedings{DBLP:conf/pods/2002,
  editor    = {Lucian Popa and
               Serge Abiteboul and
               Phokion G. Kolaitis},
  title     = {Proceedings of the Twenty-first {ACM} {SIGACT-SIGMOD-SIGART} Symposium
               on Principles of Database Systems, June 3-5, Madison, Wisconsin, {USA}},
  publisher = {{ACM}},
  year      = {2002},
  url       = {http://dl.acm.org/citation.cfm?id=543613},
  isbn      = {1-58113-507-6},
  timestamp = {Wed, 23 May 2012 16:53:24 +0200},
  biburl    = {http://dblp.uni-trier.de/rec/bib/conf/pods/2002},
  bibsource = {dblp computer science bibliography, http://dblp.org}
}


@inproceedings{DBLP:conf/ictai/MinotNS15,
  author    = {Ma{\"{e}}l Minot and
               Samba Ndojh Ndiaye and
               Christine Solnon},
  title     = {A Comparison of Decomposition Methods for the Maximum Common Subgraph
               Problem},
  booktitle = {27th {IEEE} International Conference on Tools with Artificial Intelligence,
               {ICTAI} 2015, Vietri sul Mare, Italy, November 9-11, 2015},
  pages     = {461--468},
  year      = {2015},
  crossref  = {DBLP:conf/ictai/2015},
  url       = {https://doi.org/10.1109/ICTAI.2015.75},
  doi       = {10.1109/ICTAI.2015.75},
  timestamp = {Wed, 31 May 2017 15:22:41 +0200},
  biburl    = {http://dblp.uni-trier.de/rec/bib/conf/ictai/MinotNS15},
  bibsource = {dblp computer science bibliography, http://dblp.org}
}

@proceedings{DBLP:conf/ictai/2015,
  title     = {27th {IEEE} International Conference on Tools with Artificial Intelligence,
               {ICTAI} 2015, Vietri sul Mare, Italy, November 9-11, 2015},
  publisher = {{IEEE} Computer Society},
  year      = {2015},
  url       = {http://ieeexplore.ieee.org/xpl/mostRecentIssue.jsp?punumber=7372093},
  isbn      = {978-1-5090-0163-7},
  timestamp = {Wed, 04 May 2016 12:16:59 +0200},
  biburl    = {http://dblp.uni-trier.de/rec/bib/conf/ictai/2015},
  bibsource = {dblp computer science bibliography, http://dblp.org}
}


@inproceedings{DBLP:conf/aaai/HoffmannMR17,
  author    = {Ruth Hoffmann and
               Ciaran McCreesh and
               Craig Reilly},
  title     = {Between Subgraph Isomorphism and Maximum Common Subgraph},
  booktitle = {Proceedings of the Thirty-First {AAAI} Conference on Artificial Intelligence,
               February 4-9, 2017, San Francisco, California, {USA.}},
  pages     = {3907--3914},
  year      = {2017},
  crossref  = {DBLP:conf/aaai/2017},
  url       = {http://aaai.org/ocs/index.php/AAAI/AAAI17/paper/view/14948},
  timestamp = {Mon, 06 Mar 2017 11:36:24 +0100},
  biburl    = {http://dblp.uni-trier.de/rec/bib/conf/aaai/HoffmannMR17},
  bibsource = {dblp computer science bibliography, http://dblp.org}
}

@proceedings{DBLP:conf/aaai/2017,
  editor    = {Satinder P. Singh and
               Shaul Markovitch},
  title     = {Proceedings of the Thirty-First {AAAI} Conference on Artificial Intelligence,
               February 4-9, 2017, San Francisco, California, {USA}},
  publisher = {{AAAI} Press},
  year      = {2017},
  url       = {http://www.aaai.org/Library/AAAI/aaai17contents.php},
  timestamp = {Mon, 06 Mar 2017 08:17:31 +0100},
  biburl    = {http://dblp.uni-trier.de/rec/bib/conf/aaai/2017},
  bibsource = {dblp computer science bibliography, http://dblp.org}
}

