@phdthesis{o:Kriege15,
    author={Nils Kriege},
    title={Comparing graphs},
    school={Technische Universit\"at Dortmund},
    year={2015}
}

@article{o:EhrlichR11,
    author = {Ehrlich, Hans-Christian and Rarey, Matthias},
    title = {Maximum common subgraph isomorphism algorithms and their applications in molecular science: a review},
    journal = {Wiley Interdisciplinary Reviews: Computational Molecular Science},
    volume = {1},
    number = {1},
    publisher = {John Wiley & Sons, Inc.},
    issn = {1759-0884},
    url = {http://dx.doi.org/10.1002/wcms.5},
    doi = {10.1002/wcms.5},
    pages = {68--79},
    year = {2011},
}

@article{o:LuoWSN17,
    author={Chen Luo and Xin Wang and Chun Su and Zhonghua Ni},
    journal={IEEE Transactions on Automation Science and Engineering},
    title={A Fixture Design Retrieving Method Based on Constrained Maximum Common Subgraph},
    year={2017},
    volume={PP},
    number={99},
    pages={1-13},
    doi={10.1109/TASE.2017.2674961},
    ISSN={1545-5955}
}

@Inbook{o:DelavalladeFLL16,
    author="Delavallade, Thomas
        and Fossier, Simon
        and Laudy, Claire
        and Lortal, Ga{\"e}lle",
    title="On the Challenges of Using Social Media for Crisis Management",
    bookTitle="Fusion Methodologies in Crisis Management: Higher Level Fusion and Decision Making",
    year="2016",
    publisher="Springer International Publishing",
    address="Cham",
    pages="137--175",
    isbn="978-3-319-22527-2",
    doi="10.1007/978-3-319-22527-2_8",
    url="http://dx.doi.org/10.1007/978-3-319-22527-2_8"
}

@inproceedings{o:SharadD13,
    author = "Kumar Sharad and George Danezis",
    title = "De-anonymizing d4d datasets.",
    booktitle = "Workshop on Hot Topics in Privacy Enhancing Technologies, Bloomington, IN, USA.",
    year = 2013
}

@article{o:Levi73,
    author="Levi, Giorgio",
    title="A note on the derivation of maximal common subgraphs of two directed or undirected graphs",
    journal="CALCOLO",
    volume="9",
    number="4",
    pages="341--352",
    abstract="In this note the problem is considered of finding maximal common subgraphs of two given graphs. A technique is described by which this problem can be stated as a problem of deriving maximal compatibility classes. A known «maximal compatibility classes» algorithm can then be used to derive maximal common subgraphs.",
    issn="1126-5434",
    doi="10.1007/BF02575586",
    url="http://dx.doi.org/10.1007/BF02575586",
    year={1973}
}

@article{o:DurandPBT99,
  title={An efficient algorithm for similarity analysis of molecules},
  author={Durand, Paul J and Pasari, Rohit and Baker, Johnnie W and Tsai, Chun-che},
  journal={Internet Journal of Chemistry},
  volume={2},
  number={17},
  pages={1--16},
  year={1999}
}

@inproceedings{o:McCreeshPT17,
  author    = {Ciaran McCreesh and
               Patrick Prosser and
               James Trimble},
  title     = {A Partitioning Algorithm for Maximum Common Subgraph Problems},
  booktitle = {Proceedings of the Twenty-Sixth International Joint Conference on
               Artificial Intelligence, {IJCAI} 2017, Melbourne, Australia, 19-25 August
               2017},
  year      = {2017},
  note      = {To appear}
}

@inbook{o:CrainicLR06,
    title = {Parallel Branch-and-Bound Algorithms},
    author = {Crainic, Teodor Gabriel and Le Cun, Bertrand and Roucairol, Catherine},
    publisher = {John Wiley \& Sons, Inc.},
    address = {Hoboken, NJ, USA},
    isbn = {9780470053928},
    url = {http://dx.doi.org/10.1002/9780470053928.ch1},
    doi = {10.1002/9780470053928.ch1},
    pages = {1--28},
    keywords = {parallel branch-and-bound algorithms, critical B\&B tree and speedup anomalies, quadratic assignment problem (QAP)},
    booktitle = {Parallel Combinatorial Optimization},
    year = {2006},
}

@incollection{o:BaderHC05,
    year={2005},
    isbn={978-0-387-22826-6},
    booktitle={Tutorials on Emerging Methodologies and Applications in Operations Research},
    volume={76},
    series={International Series in Operations Research \& Management Science},
    editor={G, HJ.},
    doi={10.1007/0-387-22827-6_5},
    title={Parallel Algorithm Design for Branch and Bound},
    url={http://dx.doi.org/10.1007/0-387-22827-6_5},
    publisher={Springer New York},
    address={New York, NY, USA},
    keywords={parallel algorithms; optimization; branch and bound; distributed memory; shared memory; grid computing},
    author={Bader, David A. and Hart, William E. and Phillips, Cynthia A.},
    chapter={5},
    pages={1-44}
}

